@article{UnArticulo,
  title={A Comprehensive and Didactic Review on Multilabel Learning Software Tools},
  author={Charte, Francisco},
  journal={IEEE Access},
  volume={8},
  pages={50330--50354},
  year={2020},
  publisher={IEEE},
  doi={10.1109/ACCESS.2020.2979787}
}

@book{UnLibro,
  title={Multilabel Classification: Problem Analysis, Metrics and Techniques},
  author={Herrera, Francisco and Charte, Francisco and Rivera, Antonio J and del Jesus, Mar{\'\i}a J},
  year={2016},
  publisher={Springer},
  ISBN={978-3-319-41110-1},
  doi={10.1007/978-3-319-41111-8}
}

@inproceedings{UnCongreso,
  title={A first approach to deal with imbalance in multi-label datasets},
  author={Charte, Francisco and Rivera, Antonio and del Jesus, Mar{\'\i}a Jos{\'e} and Herrera, Francisco},
  booktitle={International Conference on Hybrid Artificial Intelligence Systems},
  pages={150--160},
  year={2013},
  organization={Springer},
  doi={10.1007/978-3-642-40846-5\_16}
}

@online{UnaWeb,
  author = {Charte, Francisco},
  title = {Cómo analizar la distribución de los datos con {R}},
  year = 2019,
  url = {https://fcharte.com/tutoriales/20170114-DistribucionDatosR/}, 
  note = {comprobado en 2020-09-30}
}

@book{hunter1978papermaking,
  title={Papermaking: the history and technique of an ancient craft},
  author={Hunter, Dard},
  year={1978},
  publisher={Courier Corporation}
}

@article{Charmet2022XAI,
  title={Explainable artificial intelligence for cybersecurity: a literature survey},
  author={Charmet, Fabien and Tanuwidjaja, Harry Chandra and Ayoubi, Solayman and Gimenez, Pierre-Fran{\c{c}}ois and Han, Yufei and Jmila, Houda and Blanc, Gregory and Takahashi, Takeshi and Zhang, Zonghua},
  journal={Annals of Telecommunications},
  volume={77},
  pages={789--812},
  year={2022},
  publisher={Springer},
  doi={10.1007/s12243-022-00926-7}
}
##### OBJETIVOS Y MOTIVACIÓN
@article{Zhang2022AICybersecurity,
  title={Artificial intelligence in cyber security: research advances, challenges, and opportunities},
  author={Zhang, Zhimin and Ning, Huansheng and Shi, Feifei and Farha, Fadi and Xu, Yang and Xu, Jiabo and Zhang, Fan and Choo, Kim-Kwang Raymond},
  journal={Artificial Intelligence Review},
  volume={55},
  pages={1029--1053},
  year={2022},
  publisher={Springer},
  doi={10.1007/s10462-021-09976-0}
}

@phdthesis{PolaniaArias2021EvaluacionMLIDS,
  title={Evaluaci{\'o}n de modelos de Machine Learning para Sistemas de Detecci{\'o}n de Intrusos en Redes IoT},
  author={Polan{\'i}a Arias, Leonel Andr{\'e}s},
  school={Universidad de los Andes},
  year={2021},
  type={Proyecto de Grado}
}

@article{Pedregosa2011ScikitLearn,
  title={Scikit-learn: Machine Learning in Python},
  author={Pedregosa, F. and Varoquaux, G. and Gramfort, A. and Michel, V. and Thirion, B. and Grisel, O. and Blondel, M. and Prettenhofer, P. and Weiss, R. and Dubourg, V. and Vanderplas, J. and Passos, A. and Cournapeau, D. and Brucher, M. and Perrot, M. and Duchesnay, E.},
  journal={Journal of Machine Learning Research},
  volume={12},
  pages={2825--2830},
  year={2011}
}

@article{Breiman2001RandomForests,
  title={Random Forests},
  author={Breiman, Leo},
  journal={Machine Learning},
  volume={45},
  number={1},
  pages={5--32},
  year={2001},
  publisher={Springer}
}

@book{RussellNorvig2010AI,
  title={Artificial Intelligence: A Modern Approach},
  author={Russell, Stuart J. and Norvig, Peter},
  edition={3},
  publisher={Prentice Hall},
  year={2010}
}

@book{James2013ISLR,
  title={An Introduction to Statistical Learning with Applications in R},
  author={James, Gareth and Witten, Daniela and Hastie, Trevor and Tibshirani, Robert},
  publisher={Springer},
  year={2013}
}

@techreport{NIST2020SP800-115,
  author={National Institute of Standards and Technology (NIST)},
  title={Technical Guide to Information Security Testing and Assessment},
  number={SP 800-115},
  year={2020},
  institution={National Institute of Standards and Technology},
  address={Gaithersburg, MD},
  url={https://nvlpubs.nist.gov/nistpubs/SpecialPublications/NIST.SP.800-115.pdf} % URL añadido por referencia, comúnmente disponible
}

@book{Shrefler2017Networking,
  title={Introduction to Networking with Network+},
  author={Shrefler, Randy},
  publisher={Pearson},
  year={2017}
}
#############
@book{hastie2009elements,
  title={The elements of statistical learning: data mining, inference, and prediction},
  author={Hastie, Trevor and Tibshirani, Robert and Friedman, Jerome H and Friedman, Jerome H},
  volume={2},
  year={2009},
  publisher={Springer}
}
[2] Charmet, F., Tanuwidjaja, H. C., Ayoubi, S., Gimenez, P. F., Han, Y., Jmila, H., Blanc, G., Takahashi, T., & Zhang, Z. (2022). Explainable artificial intelligence for cybersecurity: a literature survey. Annals of Telecommunications, 77, 789–812. https://doi.org/10.1007/s12243-022-00926-7

[3] Zhang, Z., Ning, H., Shi, F., Farha, F., Xu, Y., Xu, J., Zhang, F., & Choo, K.-K. R. (2022). Artificial intelligence in cyber security: research advances, challenges, and opportunities. Artificial Intelligence Review, 55, 1029–1053. https://doi.org/10.1007/s10462-021-09976-0

[4] Polanía Arias, L. A. (2021). Evaluación de modelos de Machine Learning para Sistemas de Detección de Intrusos en Redes IoT. Proyecto de Grado, Universidad de los Andes, Bogotá D.C., Colombia.

[5] Pedregosa, F., Varoquaux, G., Gramfort, A., Michel, V., Thirion, B., Grisel, O., Blondel, M., Prettenhofer, P., Weiss, R., Dubourg, V., Vanderplas, J., Passos, A., Cournapeau, D., Brucher, M., Perrot, M., & Duchesnay, E. (2011). Scikit-learn: Machine Learning in Python. Journal of Machine Learning Research, 12, 2825-2830. [Mencionado en el TFG de tu compañero, relevante para la implementación de ML].

[6] Breiman, L. (2001). Random Forests. Machine Learning, 45(1), 5–32. [Fuente fundamental para Random Forest].

[7] Russell, S. J., & Norvig, P. (2010). Artificial Intelligence: A Modern Approach (3rd ed.). Prentice Hall. [Libro clásico para conceptos de IA y ML].

[8] James, G., Witten, D., Hastie, T., & Tibshirani, R. (2013). An Introduction to Statistical Learning with Applications in R. Springer. [Libro fundamental para conceptos de ML y estadística].

[9] NIST. (2020). NIST Special Publication 800-115: Technical Guide to Information Security Testing and Assessment. National Institute of Standards and Technology. [Fuente para ciberseguridad, pruebas de seguridad y evaluación de sistemas].

[10] Shrefler, R. (2017). Introduction to Networking with Network+. Pearson. [Libro general sobre redes y tráfico, útil para la sección de Fundamentos].

## Referencias para el apartado de Objetivos
@phdthesis{MartinezRamirez2024TFG,
  title={Deep Learning aplicado a la detecci{\'o}n de amenazas de seguridad},
  author={Mart{\'i}nez Ram{\'i}rez, Jos{\'e} Manuel},
  school={Universidad de Ja{\'e}n},
  year={2024},
  type={Trabajo Fin de Grado}
}

@article{Charmet2022XAI,
  title={Explainable artificial intelligence for cybersecurity: a literature survey},
  author={Charmet, Fabien and Tanuwidjaja, Harry Chandra and Ayoubi, Solayman and Gimenez, Pierre-Fran{\c{c}}ois and Han, Yufei and Jmila, Houda and Blanc, Gregory and Takahashi, Takeshi and Zhang, Zonghua},
  journal={Annals of Telecommunications},
  volume={77},
  pages={789--812},
  year={2022},
  publisher={Springer},
  doi={10.1007/s12243-022-00926-7}
}

@article{Zhang2022AICybersecurity,
  title={Artificial intelligence in cyber security: research advances, challenges, and opportunities},
  author={Zhang, Zhimin and Ning, Huansheng and Shi, Feifei and Farha, Fadi and Xu, Yang and Xu, Jiabo and Zhang, Fan and Choo, Kim-Kwang Raymond},
  journal={Artificial Intelligence Review},
  volume={55},
  pages={1029--1053},
  year={2022},
  publisher={Springer},
  doi={10.1007/s10462-021-09976-0}
}

@phdthesis{PolaniaArias2021EvaluacionMLIDS,
  title={Evaluaci{\'o}n de modelos de Machine Learning para Sistemas de Detecci{\'o}n de Intrusos en Redes IoT},
  author={Polan{\'i}a Arias, Leonel Andr{\'e}s},
  school={Universidad de los Andes},
  year={2021},
  type={Proyecto de Grado}
}

@article{Pedregosa2011ScikitLearn,
  title={Scikit-learn: Machine Learning in Python},
  author={Pedregosa, F. and Varoquaux, G. and Gramfort, A. and Michel, V. and Thirion, B. and Grisel, O. and Blondel, M. and Prettenhofer, P. and Weiss, R. and Dubourg, V. and Vanderplas, J. and Passos, A. and Cournapeau, D. and Brucher, M. and Perrot, M. and Duchesnay, E.},
  journal={Journal of Machine Learning Research},
  volume={12},
  pages={2825--2830},
  year={2011}
}

@article{Breiman2001RandomForests,
  title={Random Forests},
  author={Breiman, Leo},
  journal={Machine Learning},
  volume={45},
  number={1},
  pages={5--32},
  year={2001},
  publisher={Springer}
}

@book{RussellNorvig2010AI,
  title={Artificial Intelligence: A Modern Approach},
  author={Russell, Stuart J. and Norvig, Peter},
  edition={3},
  publisher={Prentice Hall},
  year={2010}
}

@book{James2013ISLR,
  title={An Introduction to Statistical Learning with Applications in R},
  author={James, Gareth and Witten, Daniela and Hastie, Trevor and Tibshirani, Robert},
  publisher={Springer},
  year={2013}
}

@techreport{NIST2020SP800-115,
  author={National Institute of Standards and Technology (NIST)},
  title={Technical Guide to Information Security Testing and Assessment},
  number={SP 800-115},
  year={2020},
  institution={National Institute of Standards and Technology},
  address={Gaithersburg, MD},
  url={https://nvlpubs.nist.gov/nistpubs/SpecialPublications/NIST.SP.800-115.pdf}
}

@book{Shrefler2017Networking,
  title={Introduction to Networking with Network+},
  author={Shrefler, Randy},
  publisher={Pearson},
  year={2017}
}

##SCRUM
https://www.arrobasolutions.com/metodologia-scrum/
https://ausum.cloud/scrum-metodologia-agil-mas-popular-en-empresas/
@phdthesis{MartinezRamirez2024TFG,
  title={Deep Learning aplicado a la detecci{\'o}n de amenazas de seguridad},
  author={Mart{\'i}nez Ram{\'i}rez, Jos{\'e} Manuel},
  school={Universidad de Ja{\'e}n},
  year={2024},
  type={Trabajo Fin de Grado}
}

@article{Charmet2022XAI,
  title={Explainable artificial intelligence for cybersecurity: a literature survey},
  author={Charmet, Fabien and Tanuwidjaja, Harry Chandra and Ayoubi, Solayman and Gimenez, Pierre-Fran{\c{c}}ois and Han, Yufei and Jmila, Houda and Blanc, Gregory and Takahashi, Takeshi and Zhang, Zonghua},
  journal={Annals of Telecommunications},
  volume={77},
  pages={789--812},
  year={2022},
  publisher={Springer},
  doi={10.1007/s12243-022-00926-7}
}

@article{Zhang2022AICybersecurity,
  title={Artificial intelligence in cyber security: research advances, challenges, and opportunities},
  author={Zhang, Zhimin and Ning, Huansheng and Shi, Feifei and Farha, Fadi and Xu, Yang and Xu, Jiabo and Zhang, Fan and Choo, Kim-Kwang Raymond},
  journal={Artificial Intelligence Review},
  volume={55},
  pages={1029--1053},
  year={2022},
  publisher={Springer},
  doi={10.1007/s10462-021-09976-0}
}

@phdthesis{PolaniaArias2021EvaluacionMLIDS,
  title={Evaluaci{\'o}n de modelos de Machine Learning para Sistemas de Detecci{\'o}n de Intrusos en Redes IoT},
  author={Polan{\'i}a Arias, Leonel Andr{\'e}s},
  school={Universidad de los Andes},
  year={2021},
  type={Proyecto de Grado}
}

@article{Pedregosa2011ScikitLearn,
  title={Scikit-learn: Machine Learning in Python},
  author={Pedregosa, F. and Varoquaux, G. and Gramfort, A. and Michel, V. and Thirion, B. and Grisel, O. and Blondel, M. and Prettenhofer, P. and Weiss, R. and Dubourg, V. and Vanderplas, J. and Passos, A. and Cournapeau, D. and Brucher, M. and Perrot, M. and Duchesnay, E.},
  journal={Journal of Machine Learning Research},
  volume={12},
  pages={2825--2830},
  year={2011}
}

@article{Breiman2001RandomForests,
  title={Random Forests},
  author={Breiman, Leo},
  journal={Machine Learning},
  volume={45},
  number={1},
  pages={5--32},
  year={2001},
  publisher={Springer}
}

@book{RussellNorvig2010AI,
  title={Artificial Intelligence: A Modern Approach},
  author={Russell, Stuart J. and Norvig, Peter},
  edition={3},
  publisher={Prentice Hall},
  year={2010}
}

@book{James2013ISLR,
  title={An Introduction to Statistical Learning with Applications in R},
  author={James, Gareth and Witten, Daniela and Hastie, Trevor and Tibshirani, Robert},
  publisher={Springer},
  year={2013}
}

@techreport{NIST2020SP800-115,
  author={National Institute of Standards and Technology (NIST)},
  title={Technical Guide to Information Security Testing and Assessment},
  number={SP 800-115},
  year={2020},
  institution={National Institute of Standards and Technology},
  address={Gaithersburg, MD},
  url={https://nvlpubs.nist.gov/nistpubs/SpecialPublications/NIST.SP.800-115.pdf}
}

@book{Shrefler2017Networking,
  title={Introduction to Networking with Network+},
  author={Shrefler, Randy},
  publisher={Pearson},
  year={2017}
}

##Prespuesto
@phdthesis{MartinezRamirez2024TFG,
  title={Deep Learning aplicado a la detecci{\'o}n de amenazas de seguridad},
  author={Mart{\'i}nez Ram{\'i}rez, Jos{\'e} Manuel},
  school={Universidad de Ja{\'e}n},
  year={2024},
  type={Trabajo Fin de Grado}
}

@article{Charmet2022XAI,
  title={Explainable artificial intelligence for cybersecurity: a literature survey},
  author={Charmet, Fabien and Tanuwidjaja, Harry Chandra and Ayoubi, Solayman and Gimenez, Pierre-Fran{\c{c}}ois and Han, Yufei and Jmila, Houda and Blanc, Gregory and Takahashi, Takeshi and Zhang, Zonghua},
  journal={Annals of Telecommunications},
  volume={77},
  pages={789--812},
  year={2022},
  publisher={Springer},
  doi={10.1007/s12243-022-00926-7}
}

@article{Zhang2022AICybersecurity,
  title={Artificial intelligence in cyber security: research advances, challenges, and opportunities},
  author={Zhang, Zhimin and Ning, Huansheng and Shi, Feifei and Farha, Fadi and Xu, Yang and Xu, Jiabo and Zhang, Fan and Choo, Kim-Kwang Raymond},
  journal={Artificial Intelligence Review},
  volume={55},
  pages={1029--1053},
  year={2022},
  publisher={Springer},
  doi={10.1007/s10462-021-09976-0}
}

@phdthesis{PolaniaArias2021EvaluacionMLIDS,
  title={Evaluaci{\'o}n de modelos de Machine Learning para Sistemas de Detecci{\'o}n de Intrusos en Redes IoT},
  author={Polan{\'i}a Arias, Leonel Andr{\'e}s},
  school={Universidad de los Andes},
  year={2021},
  type={Proyecto de Grado}
}

@article{Pedregosa2011ScikitLearn,
  title={Scikit-learn: Machine Learning in Python},
  author={Pedregosa, F. and Varoquaux, G. and Gramfort, A. and Michel, V. and Thirion, B. and Grisel, O. and Blondel, M. and Prettenhofer, P. and Weiss, R. and Dubourg, V. and Vanderplas, J. and Passos, A. and Cournapeau, D. and Brucher, M. and Perrot, M. and Duchesnay, E.},
  journal={Journal of Machine Learning Research},
  volume={12},
  pages={2825--2830},
  year={2011}
}

@article{Breiman2001RandomForests,
  title={Random Forests},
  author={Breiman, Leo},
  journal={Machine Learning},
  volume={45},
  number={1},
  pages={5--32},
  year={2001},
  publisher={Springer}
}

@book{RussellNorvig2010AI,
  title={Artificial Intelligence: A Modern Approach},
  author={Russell, Stuart J. and Norvig, Peter},
  edition={3},
  publisher={Prentice Hall},
  year={2010}
}

@book{James2013ISLR,
  title={An Introduction to Statistical Learning with Applications in R},
  author={James, Gareth and Witten, Daniela and Hastie, Trevor and Tibshirani, Robert},
  publisher={Springer},
  year={2013}
}

@techreport{NIST2020SP800-115,
  author={National Institute of Standards and Technology (NIST)},
  title={Technical Guide to Information Security Testing and Assessment},
  number={SP 800-115},
  year={2020},
  institution={National Institute of Standards and Technology},
  address={Gaithersburg, MD},
  url={https://nvlpubs.nist.gov/nistpubs/SpecialPublications/NIST.SP.800-115.pdf}
}

@book{Shrefler2017Networking,
  title={Introduction to Networking with Network+},
  author={Shrefler, Randy},
  publisher={Pearson},
  year={2017}
}

//CAPTURADOR DE PAQUETES
https://app.readthedocs.org/projects/scapy/downloads/pdf/stable/

//api para la captura y recolección de características
https://www.osgeo.cn/scapy/api/scapy.sessions.html#google_vignette
//Páginas auxiliares
https://thehackerway.es/2012/05/07/manipulacion-de-paquetes-utilizando-scapy-conceptos-basicos-sobre-scapy-parte-i/
https://lacriptadelhacker.wordpress.com/2021/07/24/analisis-de-trafico-de-red-con-scapy-y-pandas/

//modelo referencia random forest
@article{breiman2001random,
  title={Random forests},
  author={Breiman, Leo},
  journal={Machine learning},
  volume={45},
  number={1},
  pages={5--32},
  year={2001},
  publisher={Springer}
}

@inproceedings{ho1995random,
  title={Random decision forests},
  author={Ho, Tin Kam},
  booktitle={Proceedings of 3rd international conference on document analysis and recognition},
  volume={1},
  pages={278--282},
  year={1995},
  organization={IEEE}
}

//referencia para gramática de los casos de uso
@book{cockburn2000writing,
  title     = {Writing Effective Use Cases},
  author    = {Cockburn, Alistair},
  year      = {2000},
  publisher = {Addison-Wesley Professional},
  isbn      = {978-0201702255}
}

// referencia para el diagrama de flujo
@standard{iso19510bpmn,
  title        = {Information technology — Object Management Group Business Process Model and Notation (BPMN)},
  organization = {ISO/IEC},
  number       = {19510:2013},
  year         = {2013},
  url          = {https://www.iso.org/standard/62652.html},
  note         = {BPMN 2.0. Estándar vigente para modelado de procesos de negocio}
}

//referencia para el diagrama de secuencia
@techreport{omgUML251,
  title        = {OMG Unified Modeling Language (UML), Version 2.5.1},
  institution  = {Object Management Group (OMG)},
  number       = {formal/2017-12-05},
  year         = {2017},
  url          = {https://www.omg.org/spec/UML/2.5.1},
  note         = {Especificación UML oficial; definición de diagramas de interacción y secuencia}
}

// rerfencia para requisitos
@standard{iso29148,
  title        = {Systems and software engineering — Life cycle processes — Requirements engineering},
  organization = {ISO/IEC/IEEE},
  number       = {29148:2018},
  year         = {2018},
  url          = {https://www.iso.org/standard/72089.html},
  note         = {Guía vigente para la ingeniería de requisitos (funcionales y no funcionales)}
}

//referencia para diagrama de flujo
@standard{iso5807,
  title        = {Information processing — Documentation symbols and conventions for data, program and system flowcharts, program network charts and system resources charts},
  organization = {ISO},
  number       = {5807:1985},
  year         = {1985},
  url          = {https://www.iso.org/standard/11973.html},
  note         = {Estándar histórico de símbolos de flujogramas. Retirado, pero ampliamente referenciado}
}

//diseño (arquitectura, wireframe, vistas, mockups)
@standard{iso42010,
  title        = {Systems and software engineering — Architecture description},
  organization = {ISO/IEC/IEEE},
  number       = {42010:2011},
  year         = {2011},
  url          = {https://www.iso.org/standard/50508.html},
  note         = {Estándar internacional para la descripción de arquitecturas de sistemas y software}
}

@book{bass2021sap,
  title     = {Software Architecture in Practice},
  author    = {Bass, Len and Clements, Paul and Kazman, Rick},
  edition   = {4},
  year      = {2021},
  publisher = {Addison-Wesley Professional},
  isbn      = {9780136886090}
}

@article{kruchten1995,
  title   = {The 4+1 View Model of Architecture},
  author  = {Kruchten, Philippe},
  journal = {IEEE Software},
  volume  = {12},
  number  = {6},
  pages   = {42--50},
  year    = {1995},
  doi     = {10.1109/52.469759},
  publisher = {IEEE}
}

@standard{iso9241-210,
  title        = {Ergonomics of human-system interaction — Part 210: Human-centred design for interactive systems},
  organization = {ISO},
  number       = {9241-210:2019},
  year         = {2019},
  url          = {https://www.iso.org/standard/77520.html},
  note         = {Guía vigente de diseño centrado en el usuario}
}

@book{tidwell2019designing,
  title     = {Designing Interfaces: Patterns for Effective Interaction Design},
  author    = {Tidwell, Jenifer and Brewer, Charles and Valencia, Aynne},
  edition   = {3},
  year      = {2019},
  publisher = {O'Reilly Media},
  isbn      = {9781492051961}
}

@book{cooper2014aboutface,
  title     = {About Face: The Essentials of Interaction Design},
  author    = {Cooper, Alan and Reimann, Robert and Cronin, David and Noessel, Christopher},
  edition   = {4},
  year      = {2014},
  publisher = {Wiley},
  isbn      = {9781118766576}
}

@book{garrett2010elements,
  title     = {The Elements of User Experience: User-Centered Design for the Web and Beyond},
  author    = {Garrett, Jesse James},
  edition   = {2},
  year      = {2010},
  publisher = {New Riders},
  isbn      = {9780321683687}
}

//reflex
@online{rootstackReflex,
  author = {Rootstack},
  title  = {Reflex: framework fullstack en Python para desarrollos web {\'a}giles y escalables},
  year   = {2024},
  url    = {https://rootstack.com/es/blog/reflex-framework-fullstack-en-python-para-desarrollos-web-agiles-y-escalables},
  note   = {comprobado en 2025-09-02}
}

// machine learning
@book{bishop2007prml,
  author    = {Bishop, Christopher M.},
  title     = {Pattern Recognition and Machine Learning},
  series    = {Information Science and Statistics},
  edition   = {1},
  year      = {2007},
  publisher = {Springer},
  address   = {New York, NY, USA},
  isbn      = {978-0387310732},
  doi       = {10.1007/978-0-387-45528-0}
}

// Ciberseguridad y amenaza en redes
@standard{iso27000,
  title        = {Information technology — Security techniques — Information security management systems — Overview and vocabulary},
  organization = {ISO/IEC},
  number       = {27000:2018},
  year         = {2018},
  url          = {https://www.iso.org/standard/73906.html},
  note         = {Define los principios de confidencialidad, integridad y disponibilidad (CID)}
}

@book{anderson2020security,
  author    = {Anderson, Ross},
  title     = {Security Engineering: A Guide to Building Dependable Distributed Systems},
  edition   = {3},
  year      = {2020},
  publisher = {Wiley},
  isbn      = {978-1119642787}
}

@techreport{enisaETL2023,
  title       = {ENISA Threat Landscape 2023},
  institution = {European Union Agency for Cybersecurity (ENISA)},
  year        = {2023},
  url         = {https://www.enisa.europa.eu/publications/enisa-threat-landscape-2023},
  note        = {Panorama actualizado de amenazas, incluidas APT, DDoS, malware, explotación de vulnerabilidades}
}

// minería de datos
@inproceedings{brachman1994process,
  author    = {Brachman, Ronald J. and Anand, Tej},
  title     = {The Process of Knowledge Discovery in Databases: A First Sketch},
  booktitle = {Proceedings of the AAAI-94 Workshop on Knowledge Discovery in Databases (KDD-94)},
  pages     = {1--12},
  year      = {1994},
  publisher = {AAAI Press},
  address   = {Seattle, WA, USA},
  note      = {AAAI Technical Report WS-94-03}
}

@article{fayyad1996kdd,
  author  = {Fayyad, Usama and Piatetsky-Shapiro, Gregory and Smyth, Padhraic},
  title   = {From Data Mining to Knowledge Discovery in Databases},
  journal = {AI Magazine},
  volume  = {17},
  number  = {3},
  pages   = {37--54},
  year    = {1996},
  doi     = {10.1609/aimag.v17i3.1230},
  url     = {https://ojs.aaai.org/aimagazine/index.php/aimagazine/article/view/1230}
}

//curva roc
@online{datacampAUC,
  author = {DataCamp},
  title  = {AUC: {\'A}rea bajo la curva ROC},
  year   = {2024},
  url    = {https://www.datacamp.com/es/tutorial/auc},
  note   = {comprobado en 2025-09-03}
}

// ciencia de datos
@online{iadbCienciaDatos,
  author = {{Banco Interamericano de Desarrollo (BID)}},
  title  = {Ciencia de datos},
  year   = {2024},
  url    = {https://blogs.iadb.org/conocimiento-abierto/es/ciencia-de-datos/},
  note   = {comprobado en 2025-09-03}
}

@online{ibmCienciaDatos,
  author = {IBM},
  title  = {Ciencia de datos},
  year   = {2024},
  url    = {https://www.ibm.com/es-es/topics/data-science},
  note   = {comprobado en 2025-09-03}
}

// modelos de clasificacion

//svm
@inproceedings{aljamal2019hybridIDS,
  author    = {Aljamal, Ibraheem and Tekeoglu, Ali and Bekiroglu, Korkut and Sengupta, Saumendra},
  title     = {Hybrid Intrusion Detection System Using Machine Learning Techniques in Cloud Computing Environments},
  booktitle = {2019 IEEE 17th International Conference on Software Engineering Research, Management and Applications (SERA)},
  pages     = {84--89},
  year      = {2019},
  publisher = {IEEE}
}

//naive bayes
@online{ibmNaiveBayes,
  author = {IBM},
  title  = {Naive Bayes},
  year   = {2024},
  url    = {https://www.ibm.com/es-es/think/topics/naive-bayes},
  note   = {consultado el 2025-09-03}
}

/knn
@online{ibmKNN,
  author = {IBM},
  title  = {K-Nearest Neighbors (KNN)},
  year   = {2024},
  url    = {https://www.ibm.com/es-es/think/topics/knn},
  note   = {consultado el 2025-09-03}
}

@online{lucidchartScrumForOne,
  author = {Lucidchart},
  title  = {Scrum for One},
  year   = {2020},
  url    = {https://www.lucidchart.com/blog/scrum-for-one},
  note   = {publicado el 30 de septiembre de 2020; consultado el 2025-09-04}
}